@inproceedings{convlstm,
  title = {Convolutional {{LSTM Network}}: {{A Machine Learning Approach}} for {{Precipitation Nowcasting}}},
  author = {Shi, Xingjian and Chen, Zhourong and Wang, Hao and Yeung, Dit-Yan and Wong, Wai-kin and Woo, Wang-chun},
  booktitle = {Advances in Neural Information Processing Systems (NIPS)},
  year = {2015}
}

@inproceedings{cnnlstm1,
  title = {Long-term recurrent convolutional networks for visual recognition and description},
  author = {Donahue, Jeffrey and Anne Hendricks, Lisa and Guadarrama, Sergio and Rohrbach, Marcus and Venugopalan, Subhashini and Saenko, Kate and Darrell, Trevor},
  booktitle = {IEEE Conference on Computer Vision and Pattern Recognition (CVPR)},
  year = {2015}
}

@inproceedings{cnnlstm2,
  title = {Deep visual-semantic alignments for generating image descriptions},
  author = {Karpathy, Andrej and Fei-Fei, Li},
  booktitle = {IEEE Conference on Computer Vision and Pattern Recognition (CVPR)},
  year = {2015}
}

@inproceedings{cnnlstm3,
  title = {Show and Tell: A Neural Image Caption Generator},
  author = {Vinyals, Oriol and Toshev, Alexander and Bengio, Samy and Erhan, Dumitru},
  booktitle = {IEEE Conference on Computer Vision and Pattern Recognition (CVPR)},
  year = {2015}
} 

article{gru,
  title={On the Properties of Neural Machine Translation: Encoder--Decoder Approaches},
  author={Cho, Kyunghyun and van Merri{\"e}nboer, Bart and Bahdanau, Dzmitry and Bengio, Yoshua},
  journal={Syntax, Semantics and Structure in Statistical Translation},
  pages={103},
  year={2014}
}

@article{gru,
  title = {Learning phrase representations using RNN encoder-decoder for statistical machine translation},
  author = {Cho, Kyunghyun and Van Merri{\"e}nboer, Bart and Gulcehre, Caglar and Bahdanau, Dzmitry and Bougares, Fethi and Schwenk, Holger and Bengio, Yoshua},
  journal = {arXiv:1406.1078},
  year = {2014}
}

@inproceedings{peephole,
  title = {Recurrent nets that time and count},
  author = {Gers, Felix A and Schmidhuber, J{\"u}rgen},
  booktitle = {IEEE-INNS-ENNS International Joint Conference on Neural Networks},
  year = {2000}
}

@inproceedings{moving_mnist,
  title = {Unsupervised Learning of Video Representations using LSTMs},
  author = {Srivastava, Nitish and Mansimov, Elman and Salakhudinov, Ruslan},
  booktitle = {International Conference on Machine Learning (ICML)},
  year = {2015}
}

@article{video_language_model,
  title={Video (language) modeling: a baseline for generative models of natural videos},
  author={Ranzato, MarcAurelio and Szlam, Arthur and Bruna, Joan and Mathieu, Michael and Collobert, Ronan and Chopra, Sumit},
  journal={arXiv:1412.6604},
  year={2014}
}

@article{lstm,
  title={Long short-term memory},
  author={Hochreiter, Sepp and Schmidhuber, J{\"u}rgen},
  journal={Neural computation},
  year={1997}
}

@article{seq_graves,
  title={Generating sequences with recurrent neural networks},
  author={Graves, Alex},
  journal={arXiv:1308.0850},
  year={2013}
}

@inproceedings{seq2seq,
  title={Sequence to sequence learning with neural networks},
  author={Sutskever, Ilya and Vinyals, Oriol and Le, Quoc V},
  booktitle={Advances in neural information processing systems (NIPS)},
  year={2014}
}

@book{chung,
  title = {{Spectral Graph Theory}},
  author = {F. R. K. Chung},
  publisher = {American Mathematical Society},
  year = {1997}
}

@article{gsp,
  title = {{The Emerging Field of Signal Processing on Graphs: Extending High-Dimensional Data Analysis to Networks and other Irregular Domains}},
  author = {D. Shuman and S. Narang and P. Frossard and A. Ortega and P. Vandergheynst},
  journal = {IEEE Signal Processing Magazine},
  year = {2013},
}

@article{ptb,
  title={Building a large annotated corpus of English: The Penn Treebank},
  author={Marcus, Mitchell P and Marcinkiewicz, Mary Ann and Santorini, Beatrice},
  journal={Computational linguistics},
  year={1993}
}

@inproceedings{word2vec,
  title =    {{Estimation of Word Representations in Vector Space}},
  author =   {T. Mikolov and K. Chen and G. Corrado and J. Dean},
  booktitle =    {International Conference on Learning Representations (ICLR)},
  year =     {2013}
}

@inproceedings{gan,
  title = {Generative adversarial nets},
  author = {Goodfellow, Ian and Pouget-Abadie, Jean and Mirza, Mehdi and Xu, Bing and Warde-Farley, David and Ozair, Sherjil and Courville, Aaron and Bengio, Yoshua},
  booktitle = {Advances in Neural Information Processing Systems (NIPS)},
  year = {2014}
}

@phdthesis{srivastava2013improving,
  title={Improving neural networks with dropout},
  author={Srivastava, Nitish},
  year={2013},
  school={University of Toronto}
}

@article{zaremba2014recurrent,
  title={Recurrent neural network regularization},
  author={Zaremba, Wojciech and Sutskever, Ilya and Vinyals, Oriol},
  journal={arXiv:1409.2329},
  year={2014}
}


	###  Ad-hoc structured LSTM  ###
@article{GGSNN,
  title={Gated Graph Sequence Neural Networks},
  author={Li, Yujia and Tarlow, Daniel and Brockschmidt, Marc and Zemel, Richard},
  journal={arXiv preprint arXiv:1511.05493},
  year={2015}
}

@article{GNN,
  title={The graph neural network model},
  author={Scarselli, Franco and Gori, Marco and Tsoi, Ah Chung and Hagenbuchner, Markus and Monfardini, Gabriele},
  journal={IEEE Transactions on Neural Networks},
  year={2009},
  publisher={IEEE}
}


@inproceedings{treelstm,
  title = {Improved Semantic Representations From Tree-Structured Long Short-Term Memory Networks},
  author = {Tai, Kai Sheng and Socher, Richard and Manning, Christopher D.},
  journal = {arXiv:1503.00075},
  booktitle = {Association for Computational Linguistics (ACL)},
  year = {2015},
}

@article{graphlstm,
  title = {Semantic Object Parsing with Graph LSTM},
  author = {Liang, Xiaodan and Shen, Xiaohui and Feng, Jiashi and Lin, Liang and Yan, Shuicheng},
  journal = {arXiv:1603.07063},
  year = {2016}
}

@inproceedings{structuralrnn,
  title = {Structural-{{RNN}}: {{Deep Learning}} on {{Spatio}}-{{Temporal Graphs}}},
  author = {Jain, Ashesh and Zamir, Amir R. and Savarese, Silvio and Saxena, Ashutosh},
  booktitle = {IEEE Conference on Computer Vision and Pattern Recognition (CVPR)},
  year = {2016},
}

@inproceedings{deepstruct,
  title = {Learning Deep Structured Models},
  author = {Chen, Liang-Chieh and Schwing, Alexander G. and Yuille, Alan L. and Urtasun, Raquel},
  booktitle = {International Conference on Machine Learning (ICML)},
  year = {2015}
}


	###  Graph CNN  ###


@inproceedings{gcnn_bruna,
  title = {Spectral {{Networks}} and {{Locally Connected Networks}} on {{Graphs}}},
  author = {Bruna, Joan and Zaremba, Wojciech and Szlam, Arthur and LeCun, Yann},
  booktitle = {International Conference on Learning Representations (ICML)},
  year = {2014},
}

@inproceedings{gcnn,
  title = {Convolutional Neural Networks on Graphs with Fast Localized Spectral Filtering},
  author = {Defferrard, MichaÃ«l and Bresson, Xavier and Vandergheynst, Pierre},
  booktitle = {Advances in Neural Information Processing Systems (NIPS)},
  year = {2016},
}

@article{gcnn_kipf,
  title = {Semi-{{Supervised Classification}} with {{Graph Convolutional Networks}}},
  author = {Kipf, Thomas N. and Welling, Max},
  journal = {arXiv:1609.02907},
  year = {2016}
}

@inproceedings{gcnn_masci,
  title = {Geodesic Convolutional Neural Networks on Riemannian Manifolds},
  author = {Masci, Jonathan and Boscaini, Davide and Bronstein, Michael M. and Vandergheynst, Pierre},
  booktitle = {IEEE International Conference on Computer Vision (ICCV) Workshops},
  year = {2015}
}

@InProceedings{gcnn_niepert,
  title = {Learning {{Convolutional Neural Networks}} for {{Graphs}}},
  author = {Niepert, Mathias and Ahmed, Mohamed and Kutzkov, Konstantin},
  booktitle = {International Conference on Machine Learning (ICML)},
  year = {2016},
}

@inproceedings{gcnn_atwood,
  title = {Diffusion-{{Convolutional Neural Networks}}},
  author = {Atwood, James and Towsley, Don},
  booktitle = {Advances in Neural Information Processing Systems (NIPS)},
  year = {2016},
}

@incollection{gcnn_duvenaud,
  title = {Convolutional {{Networks}} on {{Graphs}} for {{Learning Molecular Fingerprints}}},
  author = {Duvenaud, David K and Maclaurin, Dougal and Iparraguirre, Jorge and Bombarell, Rafael and Hirzel, Timothy and Aspuru-Guzik, Alan and Adams, Ryan P},
  booktitle = {Advances in Neural Information Processing Systems (NIPS)},
  year = {2015},
}
